<?xml version="1.0" encoding="UTF-8"?><record xmlns="http://www.loc.gov/MARC21/slim" xmlns:cinclude="http://apache.org/cocoon/include/1.0" xmlns:zs="http://www.loc.gov/zing/srw/">
  <leader>00669nz  a2200157n  4500</leader>
  <controlfield tag="001">n 2013188350</controlfield>
  <controlfield tag="003">DLC</controlfield>
  <controlfield tag="005">20131213044102.0</controlfield>
  <controlfield tag="008">131213n| azannaabn          |a ana      </controlfield>
  <datafield tag="010" ind1=" " ind2=" ">
    <subfield code="a">n 2013188350</subfield>
  </datafield>
  <datafield tag="035" ind1=" " ind2=" ">
    <subfield code="a">(DNLM)592443</subfield>
  </datafield>
  <datafield tag="040" ind1=" " ind2=" ">
    <subfield code="a">DNLM</subfield>
    <subfield code="b">eng</subfield>
    <subfield code="e">rda</subfield>
    <subfield code="c">DNLM</subfield>
  </datafield>
  <datafield tag="110" ind1="1" ind2=" ">
    <subfield code="a">Dominican Republic.</subfield>
    <subfield code="b">Secretari휍혖a de Estado de Prevision Social</subfield>
  </datafield>
  <datafield tag="510" ind1="1" ind2=" ">
    <subfield code="w">r</subfield>
    <subfield code="i">Successor:</subfield>
    <subfield code="a">Dominican Republic.</subfield>
    <subfield code="b">Secretari휍혖a de Estado de Prevision y Asistencia Social</subfield>
  </datafield>
  <datafield tag="670" ind1=" " ind2=" ">
    <subfield code="a">Prevision social, Mayo 1948:</subfield>
    <subfield code="b">Dedicatoria (Organo de la Secretaria de Estado de Prevision Social)</subfield>
  </datafield>
  <datafield tag="670" ind1=" " ind2=" ">
    <subfield code="a">Prevision social, Noviembre-Diciembre 1954:</subfield>
    <subfield code="b">cover (Secretaria de Estado de Prevision y Asistencia Social)</subfield>
  </datafield>
</record>